@article{indyk_approximate_1998,
  author  = {Indyk, Piotr and Motwani, Rajeev},
  title   = {Approximate nearest neighbors: towards removing the curse of dimensionality},
  journal = {{ACM} {Symposium} on {Theory} of {Computing}},
  year    = {1998}
}

@book{whitman_principles_2018,
  author    = {Whitman, Michael E. and Mattord, Herbert J.},
  title     = {Principles of information security},
  publisher = {Cengage Learning},
  year      = {2018},
  isbn      = {978-1-337-10206-3}
}

@phdthesis{vasilomanolakis_collaborative_2016,
           title =  {On Collaborative Intrusion Detection},
         address =  {Darmstadt},
          school =  {Technische Universit{\"a}t Darmstadt},
            year =  {2016},
          author =  {Emmanouil Vasilomanolakis},
             url =  {http://tubiblio.ulb.tu-darmstadt.de/82583/}
     }

@article{Zhou2010,
  title={A survey of coordinated attacks and collaborative intrusion detection},
  author={Zhou, Chenfeng Vincent and Leckie, Christopher and Karunasekera, Shanika},
  journal={Computers \& Security},
  volume={29},
  number={1},
  pages={124--140},
  year={2010},
  publisher={Elsevier}
}

@inproceedings{Cuppens2002,
  title={Alert correlation in a cooperative intrusion detection framework},
  author={Cuppens, Fr{\'e}d{\'e}ric and Miege, Alexandre},
  booktitle={Proceedings 2002 IEEE symposium on security and privacy},
  pages={202--215},
  year={2002},
  organization={IEEE}
}

@inproceedings{Miller2003,
  title={Collaborative intrusion detection system},
  author={Miller, Patrick and Inoue, Atsushi},
  booktitle={22nd International Conference of the North American Fuzzy Information Processing Society, NAFIPS 2003},
  pages={519--524},
  year={2003},
  organization={IEEE}
}

@article{Nguyen2019,
  title={Search: A collaborative and intelligent nids architecture for sdn-based cloud iot networks},
  author={Nguyen, Tri Gia and Phan, Trung V and Nguyen, Binh T and So-In, Chakchai and Baig, Zubair Ahmed and Sanguanpong, Surasak},
  journal={IEEE access},
  volume={7},
  pages={107678--107694},
  year={2019},
  publisher={IEEE}
}

@article{Phillip1997,
    author 	= {Phillip {A.} Porras and Peter {G.} Neumann},
    title 	= {{{EMERALD:} Event Monitoring Enabling Responses to Anomalous Live Disturbances}},
    journal = {National Information Systems Security Conference},
    year 	= {1997}
}

@article{Zhang2001,
  	author	= {Zhang, Zheng and Li, Jun and Manikopoulos, CN and Jorgenson, Jay and Ucles, Jose},
	title	= {{{HIDE:} a Hierarchical Network Intrusion Detection System Using Statistical Preprocessing and Neural Network Classification}},
  	journal	= {IEEE Workshop on Information Assurance and Security},
  	year	= {2001}
}



@article{Janakiraman2003,
	author	= {R. {Janakiraman} and M. {Waldvogel} and  {Qi Zhang}},
	title	= {{Indra: A Peer-to-Peer Approach to Network Intrusion Detection and Prevention}}, 
	journal = {IEEE International Workshops on Enabling Technologies: Infrastructure for Collaborative Enterprises}, 
	year	= {2003},
}

@article{Vasilomanolakis2015SkipMon,
	author	= {Emmanouil Vasilomanolakis and Matthias Krugl and Carlos Garcia Cordero and M. M{\"u}hlh{\"a}user and Mathias Fischer},
	title	= {{SkipMon: A locality-aware Collaborative Intrusion Detection System}},
	journal	= {IEEE International Performance Computing and Communications Conference},
	year	= {2015},
}


@misc{Bye2008,
	author 	= {Rainer Bye and Sahin Albayrak},
	title 	= {{{CIMD} - {C}ollaborative {I}ntrusion and {M}alware {D}etection}},
	year 	= {2008},
}

@article{Fung2008,
	author	= {Fung, Carol J. and Baysal, Olga and Zhang, Jie and Aib, Issam and Boutaba, Raouf},
	title	= {{Trust Management for Host-Based Collaborative Intrusion Detection}},
	journal	= {Managing Large-Scale Service Deployment},
	year	= {2008},
}

@article{Duma2006,
	author	= {Duma, Claudiu and Karresand, Martin and Shahmehri, Nahid and Caronni, Germano},
	title	= {{A Trust-Aware, P2P-Based Overlay for Intrusion Detection}},
	journal	= {International Workshop on Database and Expert Systems Applications},
	year	= {2006}
}

@article{Perez2013,
	author 	= {Gil P\'{e}rez, Manuel and G\'{o}mez M\'{a}rmol, F\'{e}lix and Mart\'{\i}nez P\'{e}rez, Gregorio and Skarmeta G\'{o}mez, Antonio F.},
	title 	= {{{RepCIDN:} A Reputation-Based Collaborative Intrusion Detection Network to Lessen the Impact of Malicious Alarms}},
	journal = {Journal of Network and Systems Management},
	year 	= {2013},
}

@article{Vishnumurthy2006,
	author	= {Vishnumurthy, Vivek and Francis, Paul},
	title	= {{On Heterogeneous Overlay Construction and Random Node Selection in Unstructured P2P Networks}},
	journal	= {IEEE International Conference on Computer Communications},
	year	= {2006}
}


@article{Dash2006,
	author	= {Dash, Denver and Kveton, Branislav and Agosta, John Mark and Schooler, Eve and Chandrashekar, Jaideep and Bachrach, Abraham and Newman, Alex},
	title	= {{When Gossip is Good: Distributed Probabilistic Inference for Detection of Slow Network Intrusions}},
	journal	= {AAAI National Conference on Artificial Intelligence},
	year	= {2006}
}

@article{Ganesh2003,
	author	= {Ganesh, Ayalvadi J and Kermarrec, A-M and Massouli{\'e}, Laurent},
	title	= {{Peer-to-Peer Membership Management for Gossip-Based Protocols}},
	journal	= {IEEE Transactions on Computers},
	year	= {2003}
}

@article{Locasto2005,
	author	= {M. E. {Locasto} and J. J. {Parekh} and A. D. {Keromytis} and S. J. {Stolfo}},  
	title	= {{Towards Collaborative Security and P2P Intrusion Detection}}, 
	journal	= {IEEE SMC Information Assurance Workshop},   
	year	= {2005},
}

@article{moia_similarity_2017,
	title = {Similarity {Digest} {Search}: {A} {Survey} and {Comparative} {Analysis} of {Strategies} to {Perform} {Known} {File} {Filtering} {Using} {Approximate} {Matching}},
	volume = {2017},
	issn = {1939-0114, 1939-0122},
	shorttitle = {Similarity {Digest} {Search}},
	url = {https://www.hindawi.com/journals/scn/2017/1306802/},
	doi = {10.1155/2017/1306802},
	language = {en},
	urldate = {2022-01-24},
	journal = {Security and Communication Networks},
	author = {Moia, Vitor Hugo Galhardo and Henriques, Marco Aur√©lio Amaral},
	year = {2017},
	pages = {1--17},
}

@article{kornblum_identifying_2006,
	title = {Identifying almost identical files using context triggered piecewise hashing},
	volume = {3},
	issn = {17422876},
	url = {https://linkinghub.elsevier.com/retrieve/pii/S1742287606000764},
	doi = {10.1016/j.diin.2006.06.015},
	language = {en},
	urldate = {2022-01-21},
	journal = {Digital Investigation},
	author = {Kornblum, Jesse},
	month = sep,
	year = {2006},
	pages = {91--97},
}

@incollection{chow_data_2010,
	address = {Berlin, Heidelberg},
	title = {Data {Fingerprinting} with {Similarity} {Digests}},
	volume = {337},
	url = {http://link.springer.com/10.1007/978-3-642-15506-2_15},
	language = {en},
	urldate = {2022-01-21},
	booktitle = {Advances in {Digital} {Forensics} {VI}},
	publisher = {Springer Berlin Heidelberg},
	author = {Roussev, Vassil},
	editor = {Chow, Kam-Pui and Shenoi, Sujeet},
	year = {2010},
	doi = {10.1007/978-3-642-15506-2_15},
	note = {Series Title: IFIP Advances in Information and Communication Technology},
	pages = {207--226},
}

@inproceedings{datar_locality-sensitive_2004,
	address = {Brooklyn, New York, USA},
	title = {Locality-sensitive hashing scheme based on p-stable distributions},
	isbn = {978-1-58113-885-6},
	url = {http://portal.acm.org/citation.cfm?doid=997817.997857},
	doi = {10.1145/997817.997857},
	urldate = {2022-01-14},
	booktitle = {Proceedings of the twentieth annual symposium on {Computational} geometry  - {SCG} '04},
	publisher = {ACM Press},
	author = {Datar, Mayur and Immorlica, Nicole and Indyk, Piotr and Mirrokni, Vahab S.},
	year = {2004},
	pages = {253},
}

@inproceedings{fern2003random,
  title={Random projection for high dimensional data clustering: A cluster ensemble approach},
  author={Fern, Xiaoli Z and Brodley, Carla E},
  booktitle={Proceedings of the 20th international conference on machine learning (ICML-03)},
  pages={186--193},
  year={2003}
}

@inproceedings{bingham2001random,
  title={Random projection in dimensionality reduction: applications to image and text data},
  author={Bingham, Ella and Mannila, Heikki},
  booktitle={Proceedings of the seventh ACM SIGKDD international conference on Knowledge discovery and data mining},
  pages={245--250},
  year={2001}
}

@inproceedings{charikar2002similarity,
  title={Similarity estimation techniques from rounding algorithms},
  author={Charikar, Moses S},
  booktitle={Proceedings of the thiry-fourth annual ACM symposium on Theory of computing},
  pages={380--388},
  year={2002}
}

@inproceedings{blum2005random,
  title={Random projection, margins, kernels, and feature-selection},
  author={Blum, Avrim},
  booktitle={International Statistical and Optimization Perspectives Workshop" Subspace, Latent Structure and Feature Selection"},
  pages={52--68},
  year={2005},
  organization={Springer}
}

@inproceedings{dy2000feature,
  title={Feature subset selection and order identification for unsupervised learning},
  author={Dy, Jennifer G and Brodley, Carla E},
  booktitle={ICML},
  pages={247--254},
  year={2000},
  organization={Citeseer}
}

@book{james2013introduction,
  title={An introduction to statistical learning},
  author={James, Gareth and Witten, Daniela and Hastie, Trevor and Tibshirani, Robert},
  volume={112},
  year={2013},
  publisher={Springer}
}

@book{williamcryptography,
  title={Cryptography and Network Security - Principles and Practice, 7th Edition},
  author={William, S.},
  isbn={9789353942564},
  url={https://books.google.de/books?id=AhDCDwAAQBAJ},
  publisher={Pearson Education India}
}


